2122 3525
94 107 208 165 ιρι
326 164 329 171 ὁ
365 148 370 160 ,
441 94 452 105 “
646 88 908 170 Htstoria
939 85 1332 172 Philofhphiea

93 166 529 275 sanaeim'entis
554 167 775 245 homo
818 172 1066 273 negat?
1119 191 1195 243 ut
1223 174 1387 244 vero
1405 197 1501 257 ea,
1540 196 1679 270 quae
1703 174 1919 271 vulgo

96 271 181 342 de
216 269 539 366 religione
568 273 986 359 traduntur,a
1017 271 1489 355 Sacerdotibus
1522 273 1943 359 doceantur,

89 369 299 453 ratic,
331 386 409 439 ut
448 371 657 462 ajunt,
687 369 973 468 postulat
1019 371 1235 447 statiis.
1300 372 1443 471 Qi
1470 372 1922 458 aureshabet,

92 469 342 562 audiat.
396 469 695 543 Mundus
726 473 976 567 regitur
1010 470 1472 569 opinionibus.
1522 471 1643 542 Sed
1676 469 1769 542 sat
1811 478 1924 542 Sa-

92 566 341 662 pienti!
370 569 711 640 nonenim
735 595 974 640 omnes
1004 567 1145 640 hoc
1180 568 1469 640 verbum
1487 572 1801 668 capiunt..
1835 577 1925 641 In

92 690 207 737 me
233 662 610 760 sepeliendo
653 669 864 740 velim
892 678 1125 766 agatur
1156 667 1574 754 humaniter,
1611 682 1813 765 quam
1847 672 1925 740 in

91 789 240 841 rem
265 740 541 861 impensi
572 765 879 864 sumptus
917 768 1179 841 nullum
1203 766 1288 839 est
1319 767 1604 839 dubium
1630 829 1649 865 ,
1693 769 1855 862 quin
1886 770 1922 839 a

92 888 206 934 me
238 864 682 963 restituantur.
748 867 1021 955 Quibus
1056 892 1216 939 cum
1260 869 1624 963 gratiarum
1661 868 1922 945 actione

90 986 254 1033 meo
282 965 562 1035 nornine
585 972 714 1061 pro
737 985 882 1036 tam
913 964 1189 1037 infinitis
1216 964 1674 1063 beneficiis,ab
1716 967 1916 1036 initio

91 1064 247 1135 vitae
287 1061 490 1161 usque
523 1065 609 1136 ad
652 1062 839 1136 hunc
889 1063 1269 1149 infelicem,
1298 1067 1442 1136 imo
1470 1062 1925 1145 felicissimum

93 1159 277 1233 diem
304 1164 376 1232 in
411 1188 522 1234 me
543 1164 843 1249 collatis,
882 1161 1082 1236 simul
1111 1158 1489 1235 extremum
1523 1166 1669 1238 vale
1696 1214 1720 1250 ,
1744 1164 1925 1237 dice-

94 1279 206 1334 tur
232 1312 255 1347 ,
284 1259 390 1333 sed
417 1261 649 1334 trahor
693 1263 774 1334 ad
805 1261 961 1335 fata.
1012 1269 1261 1357 Neque
1296 1263 1607 1357 equidem
1634 1263 1922 1359 amplius

91 1357 356 1458 possum
393 1358 528 1435 fine
564 1361 935 1453 lachrymis
960 1361 1042 1435 de
1065 1363 1196 1434 illis
1231 1359 1770 1460 cogitare,inq'ue
1793 1359 1927 1433 hac

90 1478 342 1548 morte,
358 1462 502 1534 vita
528 1463 829 1556 inquam,
852 1460 986 1534 fine
1020 1462 1333 1532 extremis
1367 1463 1591 1532 cordis
1619 1461 1928 1558 angustiis

92 1557 346 1632 diutius
363 1585 768 1660 permanere.
795 1559 1017 1633 Invafi
1039 1565 1321 1635 DEUM
1340 1559 1749 1632 calidiffimis
1776 1586 1929 1657 pre-2

92 1657 287 1729 cibus
313 1678 468 1739 ante
490 1656 848 1739 discefl'um
866 1685 1101 1732 meum
1135 1711 1159 1746 ,
1204 1658 1367 1731 ‘fusis
1412 1661 1616 1732 etiam
1660 1659 1933 1749 lachry-

96 1758 263 1847 miS,
294 1755 581 1859 ideoque
609 1757 908 1848 confido,
931 1785 1090 1832 eum
1104 1765 1204 1832 sex
1231 1756 1493 1831 infinita
1527 1758 1640 1831 sua
1678 1758 1930 1854 miseri-

93 1859 352 1946 cordia,
381 1861 453 1930 in
482 1861 767 1959 gratiam
800 1884 911 1932 me
942 1879 1372 1958 recepturum
1388 1887 1408 1939 3
1426 1862 1642 1938 noli-te
1666 1886 1932 1946 memo·

92 1956 212 2030 lite
253 1984 365 2031 me
407 1957 860 2033 condemnare
889 2010 914 2048 ,
939 1959 1039 2031 ¹ne
1091 1958 1210 2058 ipsi
1253 1958 1495 2031 rursus‘
1519 1961 1938 2032 condemne-

93 2057 284 2130 mini.
332 2057 779 2158 Adjungenda
803 2057 1244 2132 hic'historia
1270 2057 1566 2158 infigniS,
1592 2059 1628 2130 ἐ
1674 2058 1933 2160 libello,
1974 2137 1988 2143 ,

94 2155 179 2227 de
209 2155 370 2242 statu
391 2158 669 2254 Imperii
691 2158 977 2231 Turcici
995 2159 1422 2257 deprompta,
1447 2160 1772 2229 idiomate
1789 2163 1932 2227 An-

94 2256 279 2354 glico
312 2255 1030 2356 conscripto‚authore
1048 2264 1553 2350 D.Ricaut,quae
1582 2255 1672 2327 fic
1703 2254 1932 2325 habet.

93 2356 202 2427 Illi
244 2407 271 2443 7
313 2357 428 2451 qui
475 2358 649 2428 inter
691 2353 950 2429 Turcas
1008 2355 1440 2429 Atheismum
1490 2354 1932 2452 profitentur,

95 2455 419 2546 Mufizrini
450 2454 789 2527 nominari
816 2457 1134 2554 gestiunt,
1171 2457 1364 2546 (Le.)
1400 2457 1514 2549 qui
1539 2452 1787 2526 habent
1818 2479 1938 2551 pe·-

95 2579 214 2626 nes
245 2552 308 2628 se
336 2579 575 2626 verum
608 2552 976 2628 secretum:
1008 2556 1198 2648 cujus
1239 2552 1476 2626 secreti
1508 2553 1769 2626 summa
1791 2553 1934 2625 huc

96 2653 299 2741 redit,
334 2657 621 2746 DEUM
650 2657 918 2728 nullum
951 2652 1332 2754 agnoscere,
1383 2672 1581 2748 atque
1629 2652 1934 2724 constan-

97 2771 202 2825 ter
233 2750 1002 2854 affirma're,principium
1034 2755 1374 2844 internum
1408 2753 1684 2850 aliquod
1714 2754 1938 2846 cujus-

100 2874 231 2950 que
276 2851 663 2942 individui,
713 2853 984 2929 cursum
1013 2855 1332 2927 omnium
1380 2878 1605 2951 rerum
1634 2852 1936 2954 dirigere.

96 2952 241 3037 801,
264 2953 444 3040 luna,
461 2972 661 3047 atque
685 2954 842 3026 astra
871 2963 1104 3028 'caetera
1132 2953 1297 3038 inde,
1318 2949 1572 3026 habent
1601 2953 1939 3051 originem
2022 2988 2026 2991 ⁴

100 3047 305 3145 atque
333 3069 609 3123 motum
625 3039 887 3149 sueque
931 3049 1244 3129 hominis'
1263 3048 1588 3124 diffimilis
1616 3050 1702 3121 est
1731 3052 1937 3137 rati0,

103 3151 394 3245 pullulat
432 3150 653 3239 enim,
693 3151 958 3241 crescit,
987 3155 1199 3240 viret,
1252 3151 1535 3247 denique
1562 3148 1940 3236 marcescit,

102 3270 255 3319 non
285 3246 473 3320 secus
512 3267 712 3344 atque
741 3245 1001 3341 herbae,
1035 3247 1387 3349 caeterique
1408 3253 1623 3324 flores.
1673 3250 1940 3326 Mirum

64 3346 174 3491 ξ
213 3346 609 3427 incredibile
638 3345 821 3428 dian
838 3360 878 3446 '‚
913 3371 1203 3454 quantus
1233 3378 1476 3430 eorum
1504 3375 1821 3485 numgrus
1859 3346 1943 3421 sit

845 3486 850 3489 ,
1701 3450 1916 3485 ,κη-ηις
